1628 2572
181 126 232 164 30
738 115 852 152 PLA
867 116 967 153 VT]

1206 113 1243 168 [I
1266 128 1288 165 3
1314 115 1521 165 189—197

182 221 302 259 Niinc
331 220 425 270 quia
453 222 507 259 nil
537 222 669 270 habes,
703 220 923 260 maledictis
953 228 992 260 te
1021 222 1108 260 θέω
1138 221 1301 260 ductare
1335 221 1519 271 postulas.

180 287 256 324 AR.
316 286 409 324 Non
440 294 619 325 meumst.
681 287 751 325 CL.

289 359 328 390 te
357 359 400 390 ut
428 352 581 391 mittam
611 351 813 402 grdti<i>s

804 287 891 325 Nec
925 289 1059 324 metim
1095 285 1258 336 quidem
1292 286 1438 336 edepol
1471 286 1523 324 eid

1450 364 1524 401 190

181 418 328 456 verum
357 417 495 456 aetatis
525 417 644 467 §.tque
673 416 833 456 honoris
862 415 986 467 gratia
1014 417 1091 455 hoc
1121 418 1188 456 fiet
1217 417 1297 456 tui:

183 482 287 531 Quia
316 481 432 520 nobis
461 482 570 520 lucro
599 480 703 520 fuisti
735 481 867 531 potius
897 494 1018 531 quam
1049 482 1183 520 decori
1213 481 1294 527 tibi,

181 547 220 585 Si
249 545 345 584 mihi
374 546 517 584 dantur
545 546 626 585 <1110
656 547 804 585 talenta
833 545 983 596 arge‘nti
1013 553 1220 584 numerata
1248 547 1288 584 in
1319 558 1494 592 manum,

183 612 302 650 Hzinc
332 611 403 650 tibi
434 619 593 650 noctem
623 610 784 650 honoris
813 624 934 650 causa
961 610 1155 661 greiti<i>s
1185 611 1294 650 don6
1324 612 1442 650 dabo.

181 678 257 715 AR.

289 739 366 779 alio
396 740 467 779 ibit
498 749 642 780 tamen.

181 808 258 845 AR.

289 872 473 911 durarent
502 871 610 918 mihi,

317 676 437 725 Quid,
468 675 500 714 si
530 689 610 715 non
643 677 730 715 est?
784 677 856 716 CL.
898 675 991 715 Tibi
1022 689 1102 715 non
1132 689 1219 716 esse
1248 676 1430 716 credam:
1460 675 1525 715 illa

1452 752 1523 791 195

317 794 397 845 Vbi
427 807 540 846 illaec
569 819 672 857 quae
701 805 795 845 dedi
824 807 947 845 zinte?
993 807 1064 846 CL.
1106 806 1267 845 Abusa:
1296 805 1388 844 naim
1418 805 1450 845 si
1478 819 1526 845 ea

183 936 329 976 Miilier
358 936 576 976 mitteretur
604 936 656 975 ad
685 944 735 984 te,
767 938 986 986 mimquam
1015 934 1227 986 quicquam
1258 936 1474 986 poscerem.

181 1031 297 1062 dition.
349 1030 402 1062 Cf.
420 1041 451 1061 v.
472 1040 544 1072 393,
565 1041 595 1062 v.
617 1039 692 1071 427,
711 1030 815 1062 Stich.

187 1084 246 1117 190
262 1084 367 1105 uocem
385 1078 413 1105 te
427 1074 474 1105 ad
486 1084 607 1109 cenam,
621 1075 692 1105 nz'sz'
704 1079 822 1115 egomet

183 1129 287 1150 cenem
298 1117 399 1158 foris,
418 1117 498 1148 ibid.
520 1117 582 1156 486
599 1118 630 1149 si
637 1119 748 1159 possit,
766 1128 818 1149 ue-

181 1162 254 1197 lim,
269 1161 350 1192 ibid.
364 1161 427 1201 508
438 1161 520 1192 satis
535 1161 591 1192 abs
606 1167 634 1192 te
649 1162 816 1203 accipiam,

183 1205 250 1236 nisi
268 1205 395 1236 uideam
420 1205 509 1236 milei
528 1209 557 1236 te
579 1205 721 1236 amicum
746 1216 819 1241 esse,

184 1248 285 1290 Epid.
304 1259 362 1289 331
384 1247 499 1289 (note).

225 1292 422 1324 Praelzz'beas
459 1292 510 1323 sor
543 1292 707 1334 praebeas.
766 1291 820 1323 Cf.

185 1336 272 1368 Rud.
303 1337 362 1376 138
389 1339 426 1366 ut
452 1335 550 1366 uerba
566 1335 746 1377 prcwlzz'bes,
772 1346 822 1366 me

180 1380 300 1421 perisse
306 1379 490 1420 praedicas.

227 1426 297 1454 189.
355 1424 527 1461 postulas,
570 1425 650 1464 ‘you
688 1420 821 1463 expect’

187 1465 375 1507 (εὰξιοῦν),
392 1465 433 1497 cf.
452 1466 579 1507 Amph.
604 1465 676 1507 361,
700 1465 817 1497 Pseud.

186 1511 260 1551 853,
279 1509 381 1541 Stich.
402 1511 476 1550 488.

227 1556 298 1584 190.
344 1561 415 1583 non
429 1555 594 1591 meumst,
615 1552 683 1584 ‘it's
696 1558 754 1584 not
767 1563 822 1594 my

185 1596 282 1637 way‚'
299 1596 391 1627 Trin.
413 1605 471 1635 123
489 1607 555 1627 non
572 1597 654 1627 istuc
670 1601 818 1635 meumst,

186 1640 263 1671 Ter.
298 1640 404 1670 Haut.
435 1650 496 1682 549
524 1650 590 1670 non
619 1644 665 1671 est
687 1640 826 1671 mentiri

187 1694 306 1722 meum,
334 1683 422 1714 Pers.
447 1693 500 1724 47,
527 1683 601 1714 Mil.
631 1683 722 1724 1363,
750 1683 821 1715 Cic.

187 1727 282 1759 Fam.
302 1735 353 1758 VI.
375 1737 405 1767 5.

229 1779 293 1801 nec
308 1778 425 1801 meum
440 1772 581 1806 quidem
593 1772 727 1807 edepol,
749 1771 822 1801 ‘nol

186 1824 246 1845 nor
262 1814 289 1845 is
305 1813 329 1844 it
346 1824 402 1854 my
414 1823 487 1854 way
499 1813 604 1844 either
617 1819 650 1844 to
667 1813 747 1844 send
765 1813 825 1844 her

187 1863 222 1889 to
243 1868 307 1899 you
329 1857 378 1888 sor
400 1856 562 1898 nothing.'
609 1857 663 1888 On
685 1856 822 1888 affirma-

188 1902 254 1933 tive
275 1900 404 1942 quidem
427 1899 660 1941 strengthened
678 1900 722 1941 by
739 1900 822 1931 affir-

187 1946 309 1976 mative
325 1943 478 1985 particles
488 1944 555 1984 pol,
571 1944 684 1983 edepol,
696 1948 823 1979 ecastor,

187 1988 298 2024 hercle,
331 1998 385 2019 see
416 1987 494 2018 Brix
533 1998 576 2017 on
611 1987 711 2028 Capt.
744 1997 823 2028 357:

181 2032 308 2073 gratiis
329 2031 362 2062 in
386 2031 519 2061 Plautus
541 2030 568 2061 is
590 2030 752 2071 regularly
770 2030 824 2061 tri-

187 2074 336 2117 syllabic,
356 2079 413 2105 not
430 2073 620 2114 dissyllabic
630 2074 752 2114 gratis.

231 2122 301 2149 192.
339 2120 447 2149 lucro.
456 2143 461 2149 .
470 2119 607 2153 decori,
625 2117 827 2158 predicative

189 2162 327 2193 datives.

230 2209 300 2237 193.
349 2207 543 2241 numerata,
569 2214 724 2235 common
748 2203 829 2235 with

189 2260 278 2280 sums
320 2248 357 2279 of
396 2258 516 2289 money
559 2247 591 2278 in
641 2246 696 2278 the
734 2257 827 2278 sense

194 2292 376 2328 ‘counted,'
393 2292 450 2323 i.e.
470 2291 564 2332 ‘paid
581 2292 614 2321 in
632 2290 735 2328 cash,'
753 2301 780 2322 e.
792 2301 823 2331 g.

190 2336 281 2367 Trin.
303 2334 377 2377 965,
396 2335 514 2366 Pseud.
533 2343 625 2375 1149,
642 2334 730 2365 Pers.
750 2344 822 2374 5²4·

889 1029 944 1062 On
962 1029 1017 1061 the
1033 1029 1228 1061 distinction
1245 1029 1396 1061 between
1413 1040 1524 1061 nume-

889 1084 966 1104 rare
984 1073 1050 1104 and
1074 1074 1296 1104 adnumerare
1316 1072 1359 1114 (v.
1375 1072 1450 1114 501)
1473 1083 1527 1105 see

890 1117 1029 1158 Langen
1069 1116 1247 1158 (Beitr'aigffi
1280 1127 1335 1158 pp.
1371 1117 1526 1160 93—95).

893 1161 993 1191 ‘Two
1017 1160 1137 1192 talents
1160 1161 1238 1202 paid
1260 1160 1360 1191 down
1381 1160 1451 1191 into
1473 1171 1528 1201 my

889 1203 995 1234 hand’
1014 1203 1040 1234 is
1064 1204 1185 1235 named
1209 1214 1244 1234 as
1267 1214 1309 1234 an
1333 1203 1528 1245 impossibly

889 1247 979 1289 large
996 1258 1067 1278 sum
1085 1248 1118 1278 in
1134 1247 1219 1288 grim
1232 1246 1324 1288 joke.

932 1294 1003 1322 195.
1041 1293 1105 1322 ina
1119 1293 1190 1322 alio
1205 1293 1272 1322 ibit
1283 1293 1415 1326 tamen,
1433 1293 1440 1307 ‘
1453 1290 1528 1322 Phi-

890 1334 1033 1366 laenium
1055 1334 1139 1365 shall
1159 1344 1203 1375 go
1225 1339 1259 1365 to
1275 1345 1366 1365 some
1382 1345 1444 1365 one
1461 1333 1528 1365 else

890 1378 934 1409 all
956 1378 1012 1409 the
1034 1377 1146 1409 same.’
1194 1378 1329 1409 Plautus
1351 1378 1378 1409 is
1398 1377 1479 1408 fond
1494 1377 1532 1408 of

890 1421 1035 1463 keeping
1055 1426 1165 1452 tamen
1187 1421 1237 1452 till
1266 1421 1322 1452 the
1350 1421 1412 1452 last
1433 1421 1527 1462 place

890 1465 923 1496 in
950 1465 1005 1496 the
1026 1465 1092 1496 line
1112 1465 1177 1496 and
1193 1470 1359 1496 sentence.
1406 1465 1468 1496 See
1484 1475 1527 1496 on

892 1508 991 1550 Epid.
1009 1508 1081 1548 426.

933 1555 1004 1583 196.
1042 1554 1103 1583 ubi
1112 1554 1215 1583 illaec
1228 1560 1318 1588 quae
1330 1553 1412 1583 dedi
1422 1554 1529 1583 ante?

891 1595 982 1626 Sunt
1012 1595 1162 1633 omitted,
1196 1606 1232 1626 as
1262 1595 1353 1626 osten
1383 1595 1417 1626 in
1448 1595 1528 1627 such

892 1639 1071 1680 questions.
1119 1639 1169 1670 Cf.
1186 1639 1242 1669 sed
1259 1638 1440 1680 quidhoc?
1461 1639 1527 1669 and

893 1683 983 1714 Men.
1001 1684 1057 1713 281
1076 1682 1132 1713 ubi
1142 1682 1303 1714 conuiuae
1312 1682 1407 1714 ceteri
1417 1681 1433 1713 ?
1448 1682 1526 1713 with

894 1726 1002 1757 Brix's
1017 1731 1105 1757 note.

935 1772 1046 1800 abusa
1058 1769 1086 1800 is
1099 1769 1142 1810 by
1154 1769 1286 1800 Nonius
1299 1770 1343 1810 (p.
1364 1767 1403 1809 76
1415 1768 1528 1805 abusa,

893 1813 1010 1844 utendo
1032 1815 1232 1853 consumpta)
1251 1813 1350 1844 taken
1372 1823 1407 1844 as
1423 1823 1442 1843 a
1457 1823 1527 1854 pas-

892 1856 972 1892 sive,
990 1856 1055 1887 and
1077 1856 1110 1887 in
1132 1856 1196 1887 this
1221 1856 1344 1897 Ussing
1366 1866 1471 1887 seems
1495 1862 1529 1887 to

892 1899 1074 1941 acquiesce.
1122 1900 1138 1930 1
1156 1899 1262 1941 prefer
1278 1904 1312 1930 to
1328 1899 1529 1930 understand

894 1943 918 1974 it
941 1954 976 1974 as
996 1944 1096 1974 abusa
1117 1954 1203 1979 sum,
1229 1943 1261 1973 *Ι
1283 1942 1367 1974 have
1389 1947 1484 1984 spent
1504 1942 1529 1973 it

894 1986 962 2018 all.7
1011 1987 1078 2017 For
1098 1997 1171 2017 sum
1194 1986 1332 2017 omitted
1349 1986 1383 2017 in
1398 1996 1418 2017 a
1433 1991 1528 2017 state-

894 2035 985 2061 ment
1005 2029 1075 2071 (not
1095 2030 1129 2061 in
1151 2041 1170 2061 a
1190 2029 1341 2071 question
1362 2039 1398 2060 as
1418 2029 1452 2060 in
1474 2029 1530 2060 the

894 2074 1074 2115 preceding
1095 2073 1217 2112 clause)
1240 2072 1281 2104 cf.
1299 2083 1330 2103 v.
1354 2083 1414 2113 555
1424 2072 1533 2113 fugae

888 2118 987 2158 politi
1013 2128 1057 2148 sc.
1084 2121 1173 2152 sunt,
1195 2127 1225 2148 v.
1246 2115 1309 2156 648
1332 2117 1413 2147 satis
1434 2116 1534 2147 locuti

895 2171 940 2191 sc.
968 2162 1053 2196 estis,
1079 2160 1144 2191 and
1173 2159 1249 2191 Brix
1274 2170 1316 2190 on
1340 2159 1432 2190 Trin.
1455 2169 1529 2200 535.

895 2204 1026 2235 Abzctor
1054 2203 1088 2235 in
1121 2203 1256 2234 Plautus
1287 2203 1352 2233 and
1383 2203 1530 2234 Terence

895 2247 990 2278 takes
1015 2258 1083 2278 acc.
1112 2246 1201 2287 only,
1227 2256 1290 2287 e.g.
1316 2246 1435 2278 Bacch.
1469 2245 1531 2287 360

896 2301 954 2321 nos
975 2301 1100 2321 aarum
1125 2290 1248 2326 abusos,
1272 2289 1365 2321 Trin.
1385 2288 1446 2321 682
1470 2289 1532 2331 qui

896 2333 1016 2364 abusus
1030 2345 1103 2364 sum
1120 2338 1247 2364 tantam
1265 2343 1332 2364 rem
1344 2333 1504 2374 patriam.
