1648 2577
193 130 244 167 94
748 115 859 153 PLA
875 115 913 152 V
913 115 974 152 T]

196 224 255 261 L1.
316 224 537 261 Dabuntur.

304 294 407 338 gent.

194 356 270 392 AR.

196 420 264 456 LE.

195 485 255 521 L1.
317 483 510 533 Ego-pes
550 480 612 518 fui.

306 545 472 600 moni[sj
502 547 664 596 appairet
680 560 687 583 :

198 614 285 651 Nec
315 613 409 662 quid
439 611 577 650 dicatis
607 611 704 649 scire
734 623 807 648 nee
838 622 900 647 me
931 612 1000 647 εἴη·
1029 608 1172 647 ludatis
1202 609 1375 660 possum.

1170 111 1255 165 [11I
1279 126 1300 163 3
1325 115 1530 163 726—735

597 219 731 259 animo
773 220 825 257 sss
869 219 976 257 bono
1020 219 1130 256 face:
1179 219 1366 268 exoptata
1407 218 1535 267 optin-

1460 285 1534 331 726

329 353 382 390 Vt
403 353 720 395 eonsue<ue>re,
743 348 916 387 hominis
937 349 1047 386 Salus
1070 347 1272 386 frustraitur
1287 355 1326 386 et
1347 349 1533 387 Fortt'ma.

327 419 411 468 Ego
441 417 559 466 ceput
589 415 679 453 huic
708 414 870 464 argento
899 413 954 452 fui
983 413 1130 453 hodie†
1158 414 1408 463 reperiundo.

703 482 775 517 AR.
828 478 934 527 Quin
974 480 1047 517 nec
1086 487 1206 529 caput
1240 492 1315 518 nec
1353 480 1424 529 pes
1457 491 1534 518 ser-

1459 621 1536 659 730

1014 687 1122 712 nunc
1161 674 1243 712 re'm
1284 681 1327 713 ut
1366 680 1425 713 est
1459 675 1537 713 elo-

199 807 398 854 Animum,
443 796 671 857 Argyrippe,
714 805 877 843 adu6rte
918 803 994 843 sis:
1045 805 1156 854 pater
1202 817 1275 843 nos
1322 805 1418 844 ferre
1460 805 1538 843 hoc

198 679 258 715 L1.
318 676 418 715 Satis
458 675 535 714 ieim
575 675 758 714 delusum
799 675 968 713 censeo:

308 741 484 792 quaimur.

308 871 419 910 iussit

200 938 418 988 Argentum
466 937 516 975 ad
560 936 698 975 te<d>.

308 1001 503 1040 attulistis.

202 1070 260 1106 L1.

311 1205 380 1244 est,
411 1199 559 1247 quae‘so
572 1200 588 1236 ?

202 1302 273 1327 lum
291 1297 420 1337 atgenti
432 1297 641 1327 commodum.
693 1296 836 1327 Commo-

202 1340 494 1371 dusz‘whatever
523 1340 550 1371 is
580 1350 700 1381 proper
731 1339 768 1371 of
798 1340 838 1370 its

204 1382 311 1421 kind,'
328 1393 381 1414 see
399 1394 428 1414 v.
449 1394 523 1422 401.

248 1431 317 1458 727.
362 1430 403 1457 ut.
441 1435 662 1462 consumere,
701 1426 837 1467 gnomis

203 1470 326 1511 perfect
345 1473 395 1500 ‘as
412 1470 489 1510 they
502 1471 623 1511 always
636 1470 703 1500 do.'
729 1471 836 1510 Argy-

204 1513 316 1554 rippus
332 1513 445 1544 thinks
461 1514 539 1554 they
554 1524 609 1544 are
622 1513 689 1545 still
702 1513 839 1554 making

204 1557 259 1588 sun
277 1556 314 1587 of
324 1556 405 1587 him.

249 1603 318 1631 728.
365 1608 429 1637 ego
454 1603 561 1637 caput
585 1602 666 1631 huie
692 1602 839 1636 argento

204 1645 258 1673 fui
272 1645 374 1674 hodie
390 1646 613 1681 reperiundo.
645 1643 718 1674 The
735 1650 840 1674 metre

205 1686 233 1717 is
270 1686 439 1717 defective.
506 1686 634 1717 Ritschl
673 1687 839 1728 proposed

207 1730 342 1768 lzocedz'e,
357 1730 478 1761 Loewe
495 1731 560 1760 and
574 1731 678 1761 Goetz
696 1730 839 1761 inserted

205 1773 285 1803 huic
303 1773 413 1804 before
434 1773 537 1809 laodic,
556 1773 750 1805 Fleckeisen
767 1774 836 1805 sibi.

212 1816 320 1857 Caput
349 1817 415 1847 and
446 1821 504 1857 pes
538 1817 609 1847 ‘the
640 1816 742 1848 head’
774 1817 840 1847 and

209 1858 427 1891 ‘foot’z‘the
453 1860 647 1901 beginning'
674 1861 738 1891 and
768 1860 840 1891 ‘the

206 1902 296 1940 end‚'
307 1903 444 1934 without
456 1903 536 1934 both
548 1903 584 1934 of
597 1904 704 1934 which
716 1915 733 1934 a
747 1903 841 1945 thing

206 1946 302 1977 could
335 1952 393 1977 not
429 1947 469 1977 be
507 1947 681 1988 complete.
733 1948 839 1988 Argy-

206 1990 320 2030 rippus
346 1990 477 2021 catches
501 2001 544 2031 up
571 1995 667 2030 caput
693 1991 756 2021 and
785 1996 842 2030 pes

207 2033 272 2063 and
296 2044 369 2074 says
392 2034 476 2074 quin
505 2044 560 2064 nec
586 2037 684 2073 caput
710 2044 765 2064 uec
784 2039 841 2074 pes

206 2077 348 2107 sermoni
357 2081 499 2117 apparel,
519 2078 597 2117 ‘nay
616 2077 630 2106 Ι
649 2087 709 2107 can
727 2088 780 2108 see
797 2088 840 2108 no

206 2119 293 2150 head
309 2130 345 2150 or
364 2120 420 2150 tail
438 2125 471 2150 to
489 2120 576 2150 what
593 2130 656 2160 you
673 2119 753 2160 say.'
789 2120 840 2151 Cf.

209 2163 266 2193 Ar.
303 2163 388 2194 Plut.
424 2163 487 2202 650
519 2166 552 2193 ἐκ
583 2162 644 2193 τῶν
675 2164 779 2193 ποδῶν
812 2166 842 2194 ἐς

208 2205 265 2243 τὴν
275 2208 417 2245 κεφαλήν
428 2218 477 2237 σοι
489 2205 582 2237 πάντ’
594 2204 653 2246 ἐρῶ
669 2206 720 2237 i.e.
742 2210 748 2222 ⁸
759 2207 841 2237 from

209 2249 388 2290 beginning
410 2256 442 2280 to
464 2248 551 2286 end‚'
570 2250 654 2280 Hor.
675 2249 780 2291 Epist.
801 2258 839 2280 11.

210 2303 239 2324 2.
275 2306 293 2332 4
324 2294 481 2323 candidus
511 2298 540 2324 et
566 2295 645 2324 talos
671 2303 691 2323 a
722 2293 843 2324 uertice

206 2336 342 2376 pulcher
351 2337 398 2366 ad
407 2337 496 2375 imos,
515 2336 541 2368 C
545 2341 612 2377 apt.
628 2337 647 2369 6
655 2347 690 2376 ¹4
699 2337 838 2377 garria,

787 938 860 973 AR.
911 937 965 973 Vt
1013 936 1190 985 ternpore
1233 938 1539 985 opportuneque

316 1067 395 1105 Hic
425 1068 581 1105 inerunt
611 1066 751 1117 uiginti
777 1066 908 1105 minae
938 1068 1068 1105 bonae
1098 1067 1202 1104 mala
1231 1079 1351 1116 opera
1379 1065 1539 1116 partae:

202 1135 290 1172 Has
329 1132 399 1171 tibi
437 1145 511 1171 nos
552 1131 677 1182 pactis
715 1131 866 1182 legibus
899 1131 991 1169 dare
1026 1130 1147 1169 iussit.

1233 1132 1310 1170 AR.
1357 1131 1466 1181 Quid
1500 1131 1541 1170 id

1465 1208 1538 1247 735

906 1296 985 1337 quoi
1021 1306 1122 1336 neque
1151 1299 1211 1335 pes
1252 1305 1403 1336 unquam
1442 1305 1544 1336 neque

907 1343 1004 1380 capul
1032 1343 1216 1379 conpareat,
1245 1338 1315 1370 Cic.
1345 1339 1440 1369 Fam.
1472 1346 1541 1369 Vll.

908 1393 957 1423 31.
986 1393 1001 1413 2
1025 1393 1073 1413 res
1091 1383 1138 1413 ita
1155 1386 1345 1418 contractas,
1363 1386 1411 1420 ut,
1432 1392 1540 1423 quem-

906 1425 1080 1456 admodum
1117 1426 1238 1463 scribls,
1275 1436 1328 1456 nec
1359 1430 1458 1466 caput
1488 1435 1543 1456 nec

901 1469 1005 1510 pedes.

950 1516 1019 1544 730.
1056 1521 1119 1543 nec
1135 1514 1220 1550 quid
1236 1514 1363 1543 dicatis
1376 1513 1465 1543 scire
1478 1520 1543 1543 nec

906 1564 961 1587 me
978 1564 1040 1586 cur
1059 1558 1193 1586 ludatis
1213 1563 1368 1593 possum,
1387 1557 1465 1586 ‘nor
1480 1566 1542 1587 can

909 1599 923 1629 I
942 1599 1144 1630 understand
1162 1599 1250 1630 what
1273 1609 1339 1640 you
1362 1609 1459 1630 mean
1482 1609 1543 1630 nor

908 1643 983 1683 why
999 1653 1063 1684 you
1080 1642 1178 1673 make
1193 1653 1289 1683 game
1305 1642 1342 1673 of
1354 1641 1429 1673 me.'
1474 1642 1543 1673 Nec

907 1687 991 1727 qnid
1002 1687 1116 1716 dicatis
1129 1696 1182 1716 nec
1195 1697 1245 1716 me
1256 1696 1318 1716 cztr
1328 1686 1452 1716 ludatis
1462 1686 1543 1716 scire

902 1735 1033 1771 possum
1051 1729 1161 1767 codd.,
1181 1740 1264 1760 corr.
1284 1729 1469 1760 Hermann.

951 1776 1020 1804 733.
1067 1776 1236 1810 tempore.
1254 1772 1287 1803 in
1310 1773 1399 1813 good
1419 1772 1499 1804 time
1516 1772 1541 1810 )(

901 1821 975 1858 post
991 1821 1124 1857 tempus,
1145 1827 1199 1847 see
1216 1827 1246 1846 v.
1265 1825 1338 1857 294.

952 1863 1021 1892 734.
1055 1862 1112 1890 hic
1128 1862 1273 1890 inerunt
1284 1861 1414 1895 uiginti
1426 1861 1543 1890 minae

906 1906 1019 1934 bonae
1043 1905 1138 1933 mala.
1162 1910 1270 1940 opera
1293 1905 1429 1940 partae,
1463 1903 1543 1942 ‘you

908 1947 975 1977 will
1007 1946 1075 1976 find
1108 1946 1198 1977 there
1229 1956 1284 1977 are
1311 1946 1389 1976 here
1421 1950 1543 1986 twenty

908 1990 996 2031 good
1023 1989 1131 2020 minae
1160 1988 1348 2030 ill-gotten.'
1394 1989 1461 2019 For
1488 1988 1543 2019 the

908 2033 1077 2064 idiomatic
1094 2043 1150 2064 use
1163 2033 1200 2063 of
1208 2033 1263 2063 the
1276 2032 1382 2063 future
1394 2031 1542 2067 inerunt,

908 2077 948 2107 cf.
968 2077 1056 2107 Pers.
1075 2076 1136 2116 64²
1157 2076 1230 2107 llaec
1250 2076 1316 2106 erit
1334 2075 1411 2106 bono
1427 2086 1545 2116 genere

902 2125 1019 2160 gnata,
1046 2120 1096 2150 i.e.
1122 2120 1203 2160 ‘you
1227 2118 1291 2149 will
1319 2118 1386 2149 find
1410 2119 1467 2149 she
1490 2118 1543 2157 is,’

909 2163 974 2193 and
990 2164 1035 2193 sis
1050 2163 1114 2193 erit
1130 2166 1209 2203 ‘you
1227 2161 1293 2193 will
1311 2161 1379 2192 find
1396 2162 1420 2192 it
1436 2162 1464 2192 is
1479 2161 1541 2199 so,‘

910 2207 1027 2237 Pseud.
1046 2205 1118 2247 677,
1145 2207 1221 2237 Ter.
1246 2205 1351 2236 Haut.
1378 2216 1459 2245 1014
1481 2205 1539 2236 &c.

909 2250 1000 2280 Trin.
1019 2260 1057 2290 92
1064 2259 1081 2289 3
1098 2249 1167 2280 em!
1184 2249 1253 2280 istic
1268 2249 1343 2279 erit.

952 2297 1020 2324 ⁷35.
1067 2295 1152 2328 quid
1180 2295 1218 2323 id
1244 2295 1450 2333 eswzquae
1474 2292 1545 2322 sint

901 2341 1018 2377 pactae:
1032 2336 1135 2377 leges?
