1628 2572
179 106 227 141 26
735 104 847 141 PLA
864 104 963 141 VT]

1200 100 1236 155 [Ι
1259 115 1281 152 3
1309 103 1513 153 155—161

180 206 264 243 Ne'c
303 213 406 243 recte
445 218 546 255 quae
582 216 622 243 tu
663 206 702 242 in
741 218 813 243 nos
843 203 953 250 dieis,
983 207 1119 242 aarum
1155 212 1272 254 atque
1311 207 1516 255 argentiim

285 278 484 308 ΪὩΕΙὌῘΉΒῘ.

1443 281 1515 320 Ι55

178 334 295 372 Fixus
325 334 387 372 hic
415 334 522 384 apud
553 334 624 372 nos
654 341 712 372 est
741 333 895 372 animus
926 337 1014 372 ttios
1043 335 1158 373 clauo
1189 335 1421 385 Cupidinis:

179 398 361 449 Remigio
392 399 561 448 ueloque
591 406 782 448 quantum
813 398 959 448 poteris
988 399 1130 437 festina
1158 400 1196 438 et
1224 399 1337 450 fuge:

180 465 310 513 Quam
339 464 460 514 magis
488 472 525 503 te
547 464 585 501 in
613 465 735 502 altiim
764 463 948 535 capessis,
972 473 1050 502 tam
1078 465 1209 503 aestus
1230 472 1268 503 te
1295 464 1334 503 in
1359 467 1516 515 portum

286 531 410 568 refert.

180 598 255 633 AR.

315 596 401 645 Ego
430 596 498 644 pol
528 594 645 633 istum
676 594 906 644 p6rtitorem
937 595 1101 645 priuabo
1132 594 1328 644 portorio:

181 648 266 708 Ego
305 666 342 696 te
382 657 537 704 dehinc,
574 667 615 697 ut
654 657 821 697 merita's
868 658 918 696 de
956 671 1020 697 me
1060 666 1097 696 et
1138 659 1226 697 mezi
1265 672 1316 705 re,
1356 666 1521 697 tractare

287 725 467 773 exequar,

1447 726 1520 762 160

180 790 313 838 Quom
354 797 394 828 tu
435 790 586 828 me<d>
630 798 672 828 ut
712 789 871 829 me'ritus
910 803 995 828 sum
1036 802 1115 828 non
1162 790 1303 828 tractas
1344 797 1521 839 <at>que

287 854 379 893 eicis
409 855 542 893 domo.

224 981 292 1008 155.
339 986 402 1009 nec
424 981 519 1009 recte
536 986 626 1014 quae
642 981 684 1009 tu
699 980 737 1009 in
753 986 818 1009 nos

181 1023 278 1052 dicis.
324 1021 397 1052 The
428 1021 590 1052 instances
621 1021 730 1052 where
761 1032 817 1052 nec

182 1065 250 1103 (i.e.
278 1071 385 1103 ⁷ze÷c,
420 1072 606 1106 7ze÷qzte=
623 1065 812 1106 Indogerm.

181 1107 261 1149 qeqe,
281 1108 398 1139 Umbr.
421 1113 454 1148 -p
470 1108 502 1138 in
521 1109 618 1149 nei-p,
639 1108 706 1139 Gk.
724 1108 771 1148 τέ)
791 1109 817 1139 is

181 1152 260 1182 used
277 1151 309 1182 in
327 1151 547 1192 composition
565 1158 598 1182 to
611 1152 761 1193 negative
775 1162 817 1182 an

181 1195 255 1226 idea
277 1205 332 1226 are
351 1205 432 1233 rare,
452 1205 514 1236 e-g.
536 1196 725 1235 neg-otium,
746 1205 817 1236 neg-

180 1239 256 1279 lego,
271 1239 440 1276 nec-ullus,
461 1239 681 1279 nec-opinans,
700 1249 749 1270 res
765 1249 818 1270 nec

183 1282 335 1322 mancipi.
383 1282 414 1313 It
438 1281 464 1313 is
488 1292 524 1313 so
547 1282 627 1313 used
651 1282 741 1318 here,
763 1292 819 1313 nec

182 1326 397 1359 recte=7nale‚
428 1336 512 1366 quae
539 1336 595 1356 nec·
625 1330 704 1356 recte
738 1326 819 1356 dicis

187 1379 306 1409 :quae
330 1369 414 1399 male
434 1369 524 1399 disis.
571 1368 622 1400 Cf.
644 1379 674 1399 v.
693 1378 751 1410 471
779 1369 819 1400 ni

182 1412 241 1442 isti
259 1422 315 1442 nec
336 1417 416 1443 recte
436 1412 525 1450 dicis,
553 1412 672 1443 Bacch.
704 1422 762 1454 119
782 1417 818 1443 tn

182 1455 232 1485 dis
249 1466 304 1486 nec
316 1461 394 1486 recle
404 1456 495 1491 dicis,
511 1456 627 1487 Pseud.
646 1457 703 1487 108
708 1467 723 1495 5
738 1467 817 1487 nam

182 1499 303 1539 quanti
319 1499 418 1539 refert
433 1499 464 1530 εἰ
480 1510 535 1530 nec
552 1504 630 1530 recte
645 1499 746 1530 dicere
756 1500 772 1531 ?

225 1550 350 1572 aurum
387 1545 495 1579 atque
533 1545 721 1580 argentum
751 1551 818 1573 me-

182 1588 305 1616 rumst.
357 1585 406 1616 Cf.
429 1587 485 1617 Ar.
506 1586 598 1616 Nub.
621 1596 682 1628 912
708 1586 820 1626 χρυσῷ

184 1630 315 1658 πάττων
334 1628 367 1666 μ’
383 1630 418 1659 οὺ
439 1630 638 1668 γιγνώσκεις,
657 1629 737 1660 ibid.
756 1640 820 1671 910

184 1670 260 1712 ῥόδα
283 1671 316 1709 μ’
341 1673 474 1711 εἴρηκας,
504 1673 691 1714 Shakspere
717 1673 819 1704 Much

185 1715 263 1745 Ado
289 1722 327 1746 ΙΙ.
356 1726 366 1746 1
399 1716 482 1747 ‘She
506 1716 625 1756 speaks
649 1716 816 1757 poniards‚

184 1759 248 1789 and
267 1769 362 1798 every
379 1759 468 1789 word
488 1759 603 1790 stabs.'

228 1805 298 1833 156.
330 1804 429 1833 clauo
443 1804 631 1839 cupidinis,
665 1802 714 1833 Cf.
728 1803 818 1833 Men.

186 1845 226 1876 86
253 1845 319 1875 and
344 1845 398 1876 the
423 1846 564 1886 proverb
588 1846 679 1876 flauo
695 1846 820 1877 clauom

182 1899 286 1919 ezcere.

227 1935 297 1962 157.
328 1934 476 1969 remigio
486 1934 644 1969 ueloque,
659 1933 714 1963 i.e.
727 1933 821 1973 using

184 1975 228 2005 all
259 1975 403 2016 possible
434 1985 547 2006 means
577 1975 615 2006 of
634 1976 821 2017 propelling

184 2019 240 2049 the
270 2018 355 2059 ship.
404 2019 517 2049 lx’cmz's
539 2019 689 2060 uelisque.
715 2020 822 2050 m'nlz's

186 2063 345 2102 remisque
360 2072 414 2092 are
431 2062 624 2094 alternative
641 2062 750 2093 forms.

229 2108 402 2142 quantum
412 2108 544 2140 poteris
557 2105 634 2146 (this
643 2113 718 2136 Mss.
729 2106 820 2137 read—

185 2148 242 2189 ing
266 2149 291 2179 is
315 2148 439 2179 altered
462 2149 507 2189 by
523 2159 622 2189 many
638 2149 762 2179 editors
787 2155 820 2180 to

185 2197 351 2232 quanlum
368 2192 456 2233 polis
478 2203 517 2227 es,
542 2192 740 2232 needlessly)
770 2193 821 2223 ‘as

184 2234 246 2265 fast
277 2245 312 2265 as
338 2245 402 2276 you
428 2234 514 2266 ean.'
560 2236 599 2266 In
625 2235 690 2266 this
718 2235 821 2266 idiom

185 2278 332 2309 whether
356 2279 519 2319 personal,
536 2289 572 2310 as
595 2278 681 2315 here,
703 2289 740 2310 or
763 2279 820 2309 im—

185 2321 347 2362 personaL
365 2332 399 2352 as
417 2322 472 2353 the
488 2332 641 2353 common
658 2327 821 2363 quantum

877 983 988 1020 potest,
1006 978 1061 1009 the
1078 978 1242 1010 reference
1255 979 1288 1009 in
1303 978 1437 1010 Plautus
1448 978 1474 1010 is
1487 983 1522 1010 to

884 1022 974 1058 time,
993 1028 1050 1053 not
1068 1027 1190 1053 extent.

928 1068 999 1096 158.
1046 1073 1152 1103 quam
1173 1067 1288 1103 mag-is
1303 1067 1340 1096 te
1354 1067 1393 1096 in
1407 1067 1523 1096 altum

884 1110 1048 1146 capessis,
1063 1111 1137 1139 tam
1149 1111 1269 1140 aestus
1281 1111 1318 1140 te
1329 1110 1367 1138 in
1378 1111 1522 1146 portum

884 1154 1005 1187 refert,
1025 1152 1094 1183 ‘the
1117 1162 1206 1183 more
1223 1162 1287 1193 you
1303 1151 1399 1184 sheer
1414 1157 1471 1183 out
1487 1157 1522 1182 to

885 1195 941 1226 the
968 1206 1054 1236 open
1082 1206 1148 1230 sea,
1177 1195 1234 1226 the
1261 1205 1351 1226 more
1375 1195 1430 1226 the
1455 1195 1522 1226 tide

886 1239 997 1279 brings
1007 1249 1072 1279 you
1083 1238 1166 1270 back
1180 1244 1214 1270 to
1225 1238 1391 1270 harbour.'
1421 1249 1521 1279 quam

886 1283 1022 1323 magis..
1031 1286 1120 1313 tam
1159 1282 1280 1323 (magis
1315 1280 1467 1322 omitted)
1487 1294 1516 1309 =

886 1330 1044 1367 quanto..
1053 1330 1175 1363 ‚tant0,
1211 1325 1251 1356 cf.
1284 1325 1405 1356 Bacch.
1443 1335 1519 1375 1091

885 1379 985 1410 quam
1004 1369 1110 1410 magis
1131 1370 1170 1400 zd
1189 1373 1310 1410 reputo,
1330 1373 1398 1399 lam
1419 1370 1525 1410 magis
1542 1394 1545 1395 γ

888 1423 979 1448 urum
1012 1412 1092 1443 ibid.
1129 1412 1244 1453 1076
1236 1423 1334 1453 quam
1359 1413 1465 1453 magis
1486 1423 1522 1442 m

879 1461 913 1497 pr
916 1461 1004 1487 ’‘slote
1031 1466 1096 1487 meo
1110 1455 1235 1497 fhueo..
1243 1466 1321 1495 ,111α5
1312 1465 1361 1495 ’‘zs
1385 1461 1523 1491 cmaest,

888 1499 980 1530 Men.
1020 1509 1059 1541 95
1091 1509 1192 1540 quam
1231 1500 1336 1539 magis
1361 1499 1522 1532 extendas,

886 1547 976 1574 tanto
986 1543 1092 1573 adsla'
1079 1547 1200 1584 zngunt
1210 1543 1328 1579 artius,
1344 1542 1446 1573 Poen.
1462 1552 1522 1582 345

887 1597 986 1627 qnam
1001 1587 1108 1627 magis
1112 1567 1274 1627 ‘’adspecm,
1289 1591 1357 1616 lam
1369 1596 1473 1626 magis
1481 1589 1526 1616 est

888 1630 1037 1660 nimlmla
1076 1630 1144 1661 &a
1208 1630 1314 1668 Quam
1354 1629 1461 1670 magis
1490 1629 1523 1659 in

890 1673 1046 1704 Plautus'
1039 1683 1072 1703 1n
1087 1673 1178 1703 these
1191 1672 1253 1704 five
1266 1683 1420 1714 passages
1433 1672 1522 1713 only,

889 1727 995 1757 ωαξης
1025 1716 1163 1747 omitted
1196 1716 1230 1746 in
1261 1715 1417 1757 apodosis
1447 1715 1524 1756 only

887 1759 974 1790 here.

933 1803 999 1833 For
1022 1808 1051 1833 te
1071 1803 1206 1843 capesszs
1229 1802 1269 1834 cf.
1297 1802 1423 1844 Amph.
1450 1802 1523 1838 262,

889 1847 1010 1877 Bacch.
1033 1857 1043 1877 1
1054 1857 1099 1887 13.

932 1893 1003 1920 159.
1048 1891 1268 1927 portitorem.
1301 1889 1453 1920 Cleareta
1465 1888 1525 1920 has

888 1933 1066 1974 compared
1083 1933 1141 1964 her
1158 1933 1260 1963 house
1277 1939 1311 1963 to
1327 1943 1346 1962 a
1367 1932 1521 1970 harbour,

888 1976 959 2007 into
973 1976 1082 2007 which
1099 1976 1153 2007 the
1167 1976 1234 2007 tide
1250 1975 1288 2006 of
1299 1975 1373 2006 love
1386 1975 1526 2016 steadily

888 2019 982 2050 drifts
1014 2019 1231 2060 Argyrippus.
1295 2018 1450 2060 Keeping
1480 2029 1525 2060 up

889 2063 944 2094 the
969 2063 1142 2104 metaphor
1169 2062 1211 2094 he
1241 2062 1359 2103 replies
1390 2062 1459 2093 that
1483 2062 1525 2093 he

888 2107 956 2136 will
983 2110 1056 2137 ‘not
1080 2117 1145 2147 pay
1161 2106 1216 2137 the
1239 2105 1446 2147 pier-master
1468 2105 1525 2136 the

889 2150 1086 2191 port-dues.’
1133 2149 1183 2180 Cf.
1198 2160 1229 2180 v.
1247 2158 1319 2189 241,
1332 2148 1424 2180 Trin.
1444 2157 1523 2188 1107

887 2193 1061 2224 solutumst
1070 2192 1229 2233 portitori
1243 2192 1311 2222 iam
1321 2192 1520 2233 portorium,

890 2236 960 2267 Cic.
978 2236 1020 2267 ad
1037 2236 1109 2267 Att.
1128 2244 1166 2267 11.
1192 2235 1239 2267 16.
1257 2248 1288 2275 4.

932 2283 1000 2310 160.
1049 2281 1205 2310 tractare
1225 2286 1388 2316 exequar,
1407 2278 1440 2309 ‘I
1459 2278 1524 2309 will

888 2322 1030 2363 proceed
1062 2328 1096 2353 to
1126 2321 1235 2359 treat,’
1266 2321 1300 2352 ‘I
1326 2321 1392 2352 will
1415 2331 1458 2362 go
1481 2331 1522 2352 on
