1628 2572
198 107 248 144 66
756 105 870 143 PLA
887 105 986 142 VT]
1192 102 1253 156 [11
1275 117 1299 151 4
1319 104 1532 153 486-496

196 209 244 248 Ei
273 209 458 248 nunciam
489 211 540 249 ad
570 222 692 255 erum,
719 210 799 259 quo
829 221 963 257 uocas,
989 207 1223 247 iamdudum
1249 221 1327 258 quo
1356 208 1531 247 uolebas.

198 277 280 313 ΜΕ.
343 277 462 314 Nunc
492 275 684 314 demum?
722 282 856 312 tamen
887 285 1105 322 numquam
1136 273 1229 311 hinc
1258 273 1357 312 feres
1386 272 1534 323 argenti

305 352 527 386 nummum,
558 338 632 377 nisi
663 352 726 377 me

197 407 304 444 Dare
338 404 492 443 iusserit
528 405 809 443 Demaenetus.

304 472 405 521 ergo.

197 538 260 574 Tu
290 536 572 574 contumeliam
603 535 712 574 alteri
742 534 874 581 facias,
907 534 977 574 tibi
1006 547 1087 573 non
1118 535 1298 574 dicatur?

197 603 298 640 Tam
332 614 406 651 ego
445 602 567 640 homo
598 614 683 639 sum
715 614 832 650 quam
863 608 916 639 tu.
978 602 1062 638 ME.
1108 600 1266 639 Scilicet
1294 599 1348 638 ita
1376 601 1436 639 res
1465 607 1534 639 est.

306 667 442 704 <LE.>
481 667 652 715 Sequere
682 666 756 703 hac
786 667 888 716 ergo.
1460 677 1538 714 490

199 729 308 784 [La]
366 729 668 783 Praef1'[ci]scini
701 731 778 769 hoc
814 743 920 768 nunc
949 729 1138 769 dixerim:
1178 743 1297 768 nemo
1326 728 1444 768 etiam
1475 742 1538 768 me

306 794 506 833 accusauit

200 861 345 899 Merito
375 873 476 906 meo,
507 873 636 910 neque
665 872 728 898 me
757 859 854 898 alter
882 867 941 898 est
970 859 1137 898 Athenis
1166 859 1286 899 hodie
1315 860 1538 910 quisquam,

873 405 944 441 LE.
991 405 1054 442 Ita
1087 402 1230 442 facito:
1269 416 1342 454 age
1375 404 1536 443 ambula

199 926 306 975 Quoi
340 925 446 964 credi
484 933 590 964 recte
629 926 754 974 aeque
788 932 937 974 putent.
999 926 1082 962 ΜΕ.
1126 923 1341 963 Fortassis:
1385 925 1456 964 sed
1488 932 1542 963 ta-

307 993 398 1030 me'n
427 1004 491 1029 me

200 1059 431 1108 Numquam
465 1056 586 1095 hodie
624 1055 790 1095 induces
829 1059 871 1094 ut
911 1056 982 1094 tibi
1023 1056 1179 1095 credam
1219 1056 1297 1094 hoc
1336 1063 1540 1106 argentum

308 1122 456 1172 ignoto.

202 1190 337 1238 Lupus
368 1188 426 1226 est
455 1189 577 1226 homo
607 1185 772 1232 homini,
804 1185 886 1225 non
916 1187 1048 1233 homo,
1076 1198 1197 1235 quom
1227 1184 1353 1235 qualis
1383 1185 1431 1224 sit
1460 1198 1542 1224 non

309 1254 432 1293 nouit.
1465 1264 1539 1302 495

310 1308 334 1331 *
445 1307 469 1331 ÷1÷
581 1307 606 1331 -κε
717 1306 742 1331 εκ
853 1306 877 1329 ÷=÷
988 1307 1012 1329 κ
1123 1306 1148 1329 ÷1÷
1258 1305 1283 1329 *
1393 1305 1418 1328 εκ

203 1364 272 1400 LE.
334 1364 421 1400 Iam
460 1365 567 1400 nunc
606 1361 783 1400 secunda
821 1359 917 1398 mihi
955 1360 1074 1399 facis:
1125 1359 1336 1399 <s>cibam
1376 1360 1467 1398 huic
1506 1368 1572 1398 te¹

311 1428 484 1477 capitulo
515 1427 635 1466 ho'die

202 1507 285 1534 ses?
316 1503 365 1535 Cf.
388 1503 483 1545 Capt.
507 1513 565 1544 541
585 1504 670 1544 quid
684 1504 768 1534 istuc
782 1507 836 1541 est,

203 1548 290 1588 quod
303 1558 384 1578 meos
399 1552 428 1578 te
437 1548 542 1578 (licam
548 1547 700 1588 fugitare
711 1547 815 1578 oculos
826 1546 841 1577 :⁹

202 1591 282 1621 ibid.
300 1601 359 1631 545
375 1591 522 1621 minume
534 1591 649 1627 miror,
662 1591 695 1621 si
708 1590 840 1632 teficgz'·

203 1639 253 1665 tat
268 1639 328 1664 aut
342 1635 445 1665 oculos
460 1639 542 1664 tuos.

246 1681 315 1708 486.
366 1679 539 1708 nunciam.
591 1677 653 1709 See
669 1688 700 1707 v.
724 1689 748 1709 1.

246 1724 317 1752 488.
331 1723 482 1756 ambula,
490 1731 534 1752 sc.
543 1732 664 1751 mecum
673 1721 840 1762 z'nfhrum.

206 1764 267 1796 See
276 1764 425 1805 Langen,
437 1765 598 1805 Beitr'age,
610 1775 641 1805 p.
659 1775 731 1805 204.
759 1766 842 1795 Am-

204 1809 318 1838 bulare
348 1808 537 1838 sometimes
561 1808 679 1838 almost
696 1821 726 1834 =
742 1808 841 1838 abire.

205 1851 296 1882 Trin.
320 1852 412 1889 1108,
434 1851 550 1882 Pseud.
572 1851 644 1890 263,
663 1852 749 1882 Pers.
768 1861 839 1890 ²50-

248 1897 319 1926 489.
373 1897 415 1925 tu
477 1897 726 1925 contumeliam
781 1895 838 1926 Sec.

207 1938 325 1969 Pseud.
351 1947 432 1979 1173
452 1938 680 1968 contumeliam
700 1939 732 1968 si
748 1939 839 1976 disis,

206 1982 329 2012 medies.

249 2029 318 2056 491.
368 2026 578 2062 praefiscini,
609 2024 765 2055 ‘without
797 2024 843 2055 of-

206 2068 323 2103 fence,'
341 2068 480 2099 without
502 2067 624 2108 calling
639 2068 738 2098 down
755 2078 844 2108 upon

207 2123 260 2143 me
292 2112 347 2143 the
379 2111 443 2142 evil
473 2121 543 2152 eye,
572 2111 623 2142 for
645 2110 839 2152 sels—praise.

197 2156 372 2196 fascinum
382 2168 411 2181 :-
419 2155 591 2195 βάσκανος.
648 2154 848 2194 Praefisciuz'

214 2200 335 2230 :absit
359 2199 495 2229 inuidia
519 2198 625 2228 uerbo.
673 2197 723 2228 Cf.
754 2198 840 2228 Rud.

209 2241 267 2278 461
276 2241 482 2283 praefiscine,
493 2242 583 2272 satin
596 2252 735 2282 nequam
748 2251 821 2271 sum
830 2240 846 2272 ?

210 2287 342 2317 Petron.
363 2294 401 2325 73
418 2286 509 2316 homo
518 2284 833 2326 praefiscz‘tzz'frugy'.

251 2333 320 2360 495.
369 2331 476 2366 lupus
496 2331 551 2359 est
569 2330 672 2359 homo
688 2329 844 2359 homini:

206 2372 405 2414 proverbial.
439 2371 490 2403 Cf.
509 2372 619 2406 hostis,
633 2371 743 2402 which
760 2370 844 2401 from

910 1502 1089 1544 ‘stranger'
1114 1513 1225 1544 passes
1255 1502 1326 1533 into
1358 1501 1451 1538 ‘f0e‚’
1479 1503 1547 1534 and

908 1547 1022 1578 Senec.
1039 1546 1144 1587 Epist.
1160 1556 1218 1586 103
1229 1546 1268 1576 ab
1278 1546 1409 1577 homine
1417 1546 1550 1577 homini

906 1591 1139 1631 quotidianum
1165 1589 1366 1630 periculum.
1416 1590 1542 1630 Lupus,

908 1645 972 1664 non
995 1634 1097 1669 homo,
1116 1643 1135 1663 a
1157 1639 1230 1664 turn
1252 1643 1408 1664 common
1429 1633 1463 1663 in
1487 1633 1546 1664 Pe-

908 1677 1110 1718 ti·onius‚e.g.
1123 1676 1162 1717 38
1163 1677 1359 1717 phantasia,
1367 1687 1433 1707 non
1443 1676 1547 1712 homo,

908 1733 928 1760 4
932 1731 949 1761 3
962 1720 1122 1751 discordia
1132 1731 1198 1751 non
1207 1720 1310 1758 homo,
1326 1729 1364 1760 74
1378 1720 1473 1751 codex
1482 1730 1548 1751 non

910 1764 1034 1794 mulier
1048 1763 1106 1795 ἃς.

953 1811 1022 1838 496.
1074 1807 1147 1838 The
1168 1806 1282 1838 marks
1299 1806 1337 1837 of
1355 1817 1375 1838 a
1390 1817 1455 1848 gap
1471 1806 1548 1838 date

910 1851 994 1881 srom
1014 1850 1171 1891 Scaliger.
1224 1850 1290 1881 Are
1307 1850 1385 1891 they
1401 1850 1550 1882 needed?

911 1894 984 1925 The
1017 1894 1184 1925 Mercator
1213 1893 1328 1934 begins
1367 1900 1401 1925 to
1431 1904 1549 1925 excuse

910 1937 1048 1968 himself
1058 1949 1065 1968 ι
1089 1936 1256 1968 Leonidas
1268 1937 1367 1968 seizes
1379 1947 1468 1978 upon
1483 1937 1549 1969 this

911 1991 946 2011 as
971 1991 990 2011 a
1014 1980 1086 2022 sign
1115 1980 1154 2011 of
1179 1980 1353 2021 relenting.
1405 1981 1469 2011 But
1493 1991 1547 2012 see

911 2025 1059 2065 Langen,
1086 2024 1310 2055 Plautinische
1335 2024 1486 2062 Studien,
1514 2035 1547 2066 p.

916 2078 986 2107 104.

956 2112 1110 2142 secunda
1129 2112 1217 2141 mihi
1236 2112 1336 2148 facis,
1357 2111 1436 2151 ‘you
1453 2110 1498 2142 do
1514 2121 1550 2141 as

914 2154 928 2184 I
958 2153 1066 2191 wish‚’
1095 2154 1223 2195 ‘please
1246 2152 1322 2185 ine-²
1369 2153 1419 2185 Cf.
1450 2155 1550 2185 uerba

910 2198 1050 2228 secunda
1075 2198 1168 2238 loqui
1198 2196 1274 2237 (OV.
1302 2197 1375 2229 Art.
1408 2205 1432 2228 Ι.
1461 2196 1549 2237 586),

911 2241 1165 2281 secundasagere
1177 2241 1305 2278 (Senec.
1319 2241 1384 2276 Ira,
1394 2249 1450 2272 ΙΙΙ.
1462 2243 1491 2273 8.
1503 2240 1548 2281 6).

955 2286 1036 2315 huic
1061 2284 1358 2321 capitulo=milzz2
1406 2283 1457 2316 Cf.
1485 2284 1550 2316 Sti—

911 2327 991 2358 chus
1011 2337 1026 2367 7
1032 2338 1069 2367 51
1086 2327 1186 2368 fugit
1208 2327 1263 2358 lzoc
1287 2327 1417 2359 libertas
1438 2332 1545 2369 caput.

915 2371 977 2402 See
994 2382 1023 2402 v.
1047 2372 1120 2410 258.
