1628 2567
97 95 116 133 1
137 107 160 145 3
187 95 414 150 162—173]
617 100 910 140 ASINARIA
1379 116 1424 152 ²7

55 223 59 226 ·
95 201 166 240 CL.
226 201 356 253 MAgis
385 203 485 242 istuc
514 205 754 256 percipimus
782 206 915 256 lingua
943 206 1020 245 dici
1050 220 1165 257 quam
1197 209 1306 246 factis
1335 209 1426 248 fore.

95 268 172 306 AR.
232 268 348 307 Solus
377 269 589 309 solitudine
618 283 693 321 ego
722 271 789 309 ted
818 272 936 320 atque
965 272 1015 309 ab
1045 280 1216 321 egestate
1244 273 1408 312 abstuli:

94 332 210 372 Solus
238 331 272 371 si
300 333 472 379 ductem,
502 336 643 374 referre
670 335 833 387 gratiam
862 336 1079 386 numquam
1108 346 1231 387 poteS.

96 397 168 436 CL.
211 397 326 437 Solus
347 399 520 446 ductato,
544 401 573 438 si
596 413 750 451 semper
771 402 876 440 solus
897 414 997 451 quae
1018 403 1176 451 poscam
1198 403 1320 442 dabis.
1356 405 1425 453 165

95 461 259 512 Semper
277 461 349 501 tibi
369 464 605 512 promissum
627 465 774 503 habeto
794 465 868 503 hac
888 466 985 515 lege,
1007 466 1101 504 dum
1122 468 1280 516 supere's
1301 466 1413 506 datis.

95 527 172 564 AR.
231 527 312 576 Qui
341 528 484 567 modus
514 529 678 568 dando?
715 543 806 568 nam
845 543 1059 581 numquam
1096 534 1137 570 tu
1177 532 1334 582 quidem
1370 546 1429 571 ex-

202 592 300 642 pleri
327 600 453 642 potes.

97 656 224 696 Modo
261 669 384 706 quom
430 657 630 708 accepisti,
669 659 776 697 haud
819 661 944 698 multo
992 668 1081 710 post
1127 660 1274 711 aliquid
1320 662 1429 711 quod

203 722 343 772 poscas
371 734 494 772 paras.

226 787 330 837 Quid
353 787 500 826 modist
527 788 742 836 ductando‚
763 789 964 828 amando?
990 793 1256 840 numquamne
1285 792 1429 841 expleri

201 855 345 904 potes?

96 918 225 958 Modo
253 917 445 966 remisisti,
476 918 668 958 continuo
697 918 774 957 iam
805 923 847 958 tit
876 921 1070 958 remittam
1100 921 1151 959 ad
1179 922 1216 960 te
1246 934 1367 971 rogas.

95 987 168 1022 AR.
220 984 322 1024 Dedi
354 983 541 1034 equidem
572 985 680 1034 quod
710 986 865 1023 me'cum
895 984 1016 1035 egisti.
1068 986 1139 1025 CL.
1184 986 1234 1024 Et
1261 986 1331 1024 tibi
1355 998 1429 1036 ego

201 1048 290 1088 misi
319 1048 547 1089 mulierem:
1357 1062 1424 1099 171

96 1113 170 1152 Par
197 1112 281 1164 pari
309 1113 447 1152 datum
476 1114 808 1160 hostimentumst‚
840 1115 960 1164 opera
988 1127 1060 1164 pro
1090 1113 1266 1164 pecunia.

95 1181 170 1217 AR.
230 1179 339 1218 Male
367 1180 450 1229 agis
480 1192 648 1218 mecum.
709 1180 779 1219 CL.
831 1179 937 1228 Quid
967 1192 1030 1218 me
1059 1192 1231 1224 accusas,
1263 1180 1294 1217 si
1326 1178 1427 1218 facio

202 1243 376 1283 officium
407 1246 571 1284 meum?

95 787 167 826 Cr..

94 1355 236 1397 treating
257 1356 346 1397 you.’
390 1355 444 1388 Cf.
465 1356 567 1388 Merc.
591 1366 648 1397 90¹
678 1357 728 1386 in—

92 1403 218 1440 ceptum
234 1398 291 1430 hoc
304 1399 405 1430 itiner
413 1399 566 1441 perficere
577 1410 727 1441 exequar,

95 1443 186 1474 Men.
203 1441 278 1483 246,
295 1442 436 1484 Madvig
453 1443 526 1474 Lat.
545 1444 602 1474 Gr.
623 1445 730 1484 389—

95 1495 169 1527 390‚
189 1485 289 1527 Roby
308 1496 532 1527 1344—1345·

136 1532 206 1560 162.
249 1531 374 1567 ungua.
400 1531 469 1561 ‘1101
495 1538 602 1568 quam
624 1531 730 1561 facus

92 1573 178 1604 sore.
224 1571 274 1604 Cf.
295 1573 384 1612 λόγῳ
401 1571 426 1613 )(
445 1574 536 1613 ἔργῳ.

135 1618 206 1647 164.
254 1618 350 1647 solus
370 1618 402 1647 si
420 1618 570 1653 ductam,
591 1617 689 1647 ‘even
706 1615 733 1646 if

95 1658 110 1689 1
132 1658 229 1691 alone
254 1669 338 1691 were
359 1665 394 1691 to
415 1659 493 1691 take
513 1660 573 1691 her
594 1658 725 1691 home':

92 1702 237 1738 ductare,
251 1702 386 1734 uerbum
399 1703 581 1741 lenonium,
597 1703 731 1733 ductare

92 1745 132 1777 of
142 1755 162 1776 a
176 1745 332 1784 mistress,
350 1745 463 1777 ducere
477 1746 515 1777 os
525 1757 545 1777 a
562 1745 646 1778 wife.

135 1789 351 1826 51=etiamsi,
370 1793 467 1821 ‘even
480 1789 527 1828 if,’
544 1800 579 1820 as
591 1789 681 1821 often
694 1788 727 1820 in

95 1831 239 1871 Plautus
259 1842 323 1874 e.g.
341 1843 393 1863 vv.
411 1843 472 1874 405
490 1833 555 1864 and
572 1844 646 1873 4¹4·

135 1879 206 1907 166.
251 1878 464 1914 promusum
493 1878 623 1908 habeto
660 1875 728 1906 like

89 1923 297 1960 compertum,
306 1924 477 1960 paratum,
490 1923 663 1954 statutum,
675 1929 727 1950 ex-

88 1967 231 2003 pertum,
249 1962 434 1994 absolutum
450 1963 573 2001 habere,
594 1962 727 1993 whence

93 2005 148 2037 the
183 2005 242 2037 erf-
253 2005 287 2036 in
298 2005 353 2038 the
365 2005 536 2037 Romance
549 2006 727 2047 languages

91 2059 128 2080 as
133 2059 156 2090 J
167 2049 205 2080 ai
212 2049 351 2090 promis.

133 2093 218 2123 dum
243 2100 388 2130 superes
409 2093 515 2130 daus,
546 2092 613 2122 ‘i.e.
630 2092 724 2122 dum-

91 2135 182 2167 modo
187 2139 297 2167 ceteros
302 2139 459 2166 amatores
464 2134 571 2166 dando
580 2133 727 2176 superes?

94 2177 172 2210 Ussi
220 2202 228 2210 .

135 2188 218 2254 leli-g
243 2222 584 2258 quimodusdando?
610 2220 726 2252 Fleck-

91 2264 181 2296 eisen
200 2264 267 2296 and
287 2264 382 2296 other
402 2264 535 2299 editors,
558 2263 728 2304 following

93 2307 275 2346 Acidalius,
293 2307 368 2349 give
390 2307 474 2349 quid
489 2306 605 2338 modist
620 2307 728 2337 dando

796 1361 830 1387 to
860 1355 1046 1387 harmonise
1077 1355 1154 1386 with
1179 1365 1208 1386 v.
1240 1354 1315 1396 169:
1346 1354 1431 1396 quid

799 1399 914 1430 modist
947 1399 973 1429 is
1011 1398 1167 1439 certainly
1196 1408 1421 1438 unnecessary,

797 1453 878 1474 even
909 1441 937 1472 if
962 1452 1011 1473 we
1034 1448 1147 1482 accept
1169 1441 1277 1472 dando
1300 1440 1349 1472 for
1371 1440 1426 1472 the

798 1493 856 1516 MS.
873 1485 985 1516 dandi.

841 1532 910 1560 168.
955 1529 1055 1559 modo
1082 1535 1203 1563 quom:
1230 1527 1319 1557 modo
1342 1527 1429 1567 quod

796 1572 907 1609 codd.,
941 1582 1020 1602 corr.
1060 1570 1206 1611 Pylades.
1269 1570 1334 1600 For
1371 1570 1426 1601 the

796 1615 902 1646 whole
919 1615 984 1646 line
1000 1613 1040 1645 cs.
1058 1614 1154 1644 Truc.
1177 1623 1215 1653 52
1226 1613 1424 1654 priusquam

796 1669 903 1689 unum
918 1658 1052 1694 dederis,
1066 1662 1202 1691 centum,
1213 1666 1295 1697 quae
1303 1660 1422 1696 poscat,

788 1706 902 1742 parat.

839 1748 908 1776 169.
954 1745 1127 1774 ductando
1139 1744 1306 1773 amando:
1332 1741 1423 1772 Plau-

796 1787 862 1819 tine
893 1788 1083 1828 asyndeton.
1134 1786 1196 1817 See
1230 1784 1352 1826 Ussing
1381 1795 1424 1815 on

797 1831 921 1872 Amph.
948 1840 993 1871 ¹3,
1015 1829 1089 1861 Brix
1107 1839 1149 1860 on
1165 1829 1257 1859 Trin.
1276 1838 1336 1868 ²43
1359 1827 1423 1858 and

816 1883 869 1906 02.

796 1885 814 1915 3
839 1921 908 1948 171.
937 1913 1422 1955 egium,‘bargained‚'‘agreed

796 1960 876 1992 with
892 1970 944 1991 me
961 1959 1029 1990 that
1049 1959 1062 1989 1
1080 1957 1196 1989 should
1213 1954 1310 1998 give.'

839 2007 907 2034 172.
956 2003 1215 2037 hostimentum,
1247 1997 1425 2040 ‘requitaL’

797 2047 1037 2078 Hostimmtum
1086 2043 1227 2086 leem-*ficii
1265 2042 1424 2083 pensatio,

800 2090 889 2121 Paul.
924 2100 962 2120 ex
997 2089 1082 2120 Fest.
1115 2098 1146 2128 p.
1178 2096 1252 2117 102:
1276 2084 1318 2116 cs.
1343 2085 1427 2115 audi

795 2138 890 2174 alque
910 2132 1032 2163 auditis
1052 2131 1281 2161 hostimentum
1306 2127 1423 2158 adiun-

791 2177 869 2217 gito,
889 2175 1013 2206 Ennius
1029 2173 1149 2215 quoted
1168 2172 1284 2203 Festus
1300 2181 1333 2212 p.
1352 2181 1424 2211 ²70·

798 2220 844 2251 So
861 2229 889 2250 v.
913 2229 971 2259 377
989 2217 1114 2254 hostire,
1135 2220 1185 2246 ‘to
1202 2212 1349 2256 requite.’

840 2266 908 2293 173.
955 2263 985 2291 51
1010 2262 1098 2291 facto
1123 2259 1270 2290 officium
1295 2264 1421 2294 meum,

796 2304 840 2336 ‘is
868 2305 883 2336 1
914 2304 992 2344 only
1018 2303 1062 2334 do
1085 2301 1171 2333 what
1196 2301 1224 2332 is
1246 2310 1301 2341 my
1323 2298 1425 2340 duty.'

1215 2377 1316 2416 5——2
