1648 2577
187 100 259 136 106

741 95 852 133 PLA
871 95 970 132 VT]

1190 91 1243 144 [V
1270 106 1283 129 1
1310 93 1521 141 832—842

185 205 354 241 Possum
383 200 571 251 equidem
602 201 789 238 inducere
819 197 1007 244 animum,
1040 210 1089 234 ne
1124 209 1237 246 aegre
1267 195 1402 245 patiar,
1434 194 1527 244 quia

293 275 424 306 tecum
455 266 632 304 accubat.

188 335 263 371 DE.

294 400 369 435 AR.
412 396 580 445 Edepol,
611 401 732 444 pater,

189 462 335 502 Merito
365 470 434 500 tuo
464 462 591 499 facere
621 460 794 510 possum.

296 526 525 565 conuiuium

326 333 452 370 Decet
496 330 764 368 uerecundum
810 329 895 366 e‘sse
939 327 1248 373 adulescentem,
1293 315 1523 376 Argyrippe.

874 459 952 496 DE.
996 460 1079 507 Age
1110 469 1202 507 ergo
1231 457 1309 495 hoc
1338 457 1529 506 agitemus

188 594 296 632 Vino
325 595 363 631 et
393 603 575 630 sermone
606 588 739 628 suaui:
779 590 873 627 nolo
904 601 977 638 ego
1007 587 1140 634 me'tui,
1172 586 1292 625 amari
1323 586 1493 633 miruolo,

192 658 252 696 Mi
282 658 411 706 gnate,
444 669 508 693 me
537 656 608 693 abs
637 662 686 692 te.

300 728 510 771 aequomst
539 719 675 757 filium.

194 790 272 827 DE.

333 788 505 826 Credam
537 786 649 833 istuc,
684 784 714 822 si
744 797 830 823 esse
860 792 898 822 te
927 784 1094 821 hilarum
1126 782 1273 821 uidero.

775 656 850 692 AR.
898 654 971 692 Pol
1005 666 1078 703 ego
1108 660 1317 701 utrumque
1347 651 1459 697 facio,
1489 659 1532 689 ut

1455 717 1531 764 836

1352 783 1426 819 AR.
1468 771 1534 818 An

301 861 341 891 tu
374 850 494 904 [esse]
524 865 588 890 me
617 850 766 890 tristem
797 852 940 900 putas?

195 919 271 955 DE.

303 978 415 1029 quasi
443 978 528 1017 dies
559 978 590 1016 si
620 979 727 1016 dicta
756 978 832 1016 sit?

332 1046 394 1083 Ne
424 1045 524 1083 dixis
555 1044 666 1082 istuc.

302 1112 448 1150 dixero.

334 1177 409 1213 Em
448 1176 622 1224 aspecta,
662 1174 784 1213 rideo.

305 1243 442 1280 uolunt
473 1241 528 1278 sic
558 1240 722 1278 rideant.

194 1048 269 1084 AR.

197 1179 273 1214 AR.

197 1309 272 1345 AR.

307 1372 442 1410 credas
474 1373 580 1408 nunc
611 1368 708 1408 tibi:

244 1451 313 1479 832.
361 1449 454 1485 quia,
475 1452 532 1477 not
554 1447 648 1488 quod,
669 1457 722 1477 see
742 1456 785 1477 on
802 1457 833 1476 v.

247 1538 315 1565 834.
351 1536 478 1564 merito
494 1537 566 1571 tuo,
588 1533 628 1564 cf.
646 1544 674 1563 v.
696 1542 711 1572 7
718 1542 767 1573 37.

247 1581 316 1608 837.
351 1579 381 1607 si
397 1585 472 1608 esse
488 1580 525 1608 te
537 1579 693 1608 hilarum
704 1579 838 1607 uidero.

204 1621 401 1652 Fleckeisen
429 1621 621 1661 transposed
647 1625 675 1651 te
697 1631 759 1651 esse
781 1620 840 1650 but

204 1665 260 1696 the
277 1665 403 1704 change
426 1664 452 1694 is
474 1670 531 1694 not
555 1674 737 1705 necessary.
786 1664 841 1694 He

205 1709 275 1739 also
313 1707 492 1738 bracketed
531 1708 587 1738 the
624 1718 686 1738 esse
715 1707 748 1738 in
787 1707 842 1738 the

206 1751 329 1783 second
353 1750 425 1781 half
446 1751 483 1781 of
502 1750 559 1781 the
583 1750 659 1788 line,
680 1751 712 1780 in
735 1751 841 1781 which

207 1795 329 1826 editors
367 1794 451 1825 have
489 1794 657 1835 generally
688 1794 843 1825 followed

207 1839 289 1870 him.

252 1885 322 1913 838.
357 1883 399 1911 ut
416 1882 519 1918 quasi
534 1882 608 1911 dies
625 1883 656 1910 si
673 1883 768 1912 dicta
785 1883 844 1911 sit.

209 1926 282 1956 The
299 1925 384 1965 legal
403 1924 520 1965 phrase
536 1924 618 1954 diem
635 1924 736 1955 dicere
751 1931 785 1955 to
803 1924 845 1954 fix

209 1980 229 2000 a
245 1969 322 2000 date
335 1968 384 1998 for
397 1968 580 1998 someone's
593 1978 799 2008 appearance
812 1967 845 1998 in

211 2017 315 2047 court,
330 2012 433 2042 hence
450 2012 500 2041 ‘to
512 2011 652 2042 accuse.⁷
679 2011 730 2042 Cf.
748 2011 844 2041 Cure.

214 2068 229 2097 5
242 2056 273 2086 si
281 2059 384 2086 status
394 2054 556 2085 condictus
565 2064 637 2084 cum
652 2054 736 2085 lzosle
748 2055 846 2084 inter-

212 2099 291 2130 cedit
313 2099 386 2134 dies,
407 2098 472 2129 and
495 2098 566 2129 Cic.
591 2097 656 2128 Off.
684 2105 707 2127 Ι.
735 2106 783 2128 12.
808 2106 846 2137 37

212 2143 298 2174 from
316 2142 386 2172 XII
405 2141 502 2172 Tabl.
532 2141 738 2182 Argyrippus
752 2141 848 2171 looks

214 2197 249 2217 as
266 2185 400 2226 gloomy
416 2195 451 2215 as
473 2184 500 2215 if
517 2185 559 2215 he
583 2184 649 2215 had
671 2190 705 2215 to
727 2194 850 2225 appear

215 2230 248 2260 in
266 2233 367 2260 court.

258 2276 328 2303 839.
375 2280 419 2302 ne
442 2274 533 2302 dixis
556 2273 658 2302 istuc.
705 2272 807 2302 Dixis
823 2270 850 2301 is

216 2316 363 2357 optative
393 2315 432 2345 of
456 2326 498 2346 an
530 2314 669 2356 original
700 2314 849 2355 sigmatic

872 1176 946 1211 DE.

333 919 473 955 Putem
514 918 588 966 ego
623 929 741 965 quem
780 915 938 953 uideam
977 927 1103 963 aeque
1137 915 1221 952 e‘sse
1256 920 1462 960 maestum,
1493 919 1535 950 ut

755 1045 831 1081 DE.
874 1044 936 1081 Ne
967 1043 1022 1080 sic
1050 1041 1190 1080 fueris:
1230 1040 1321 1079 ilico
1353 1053 1425 1089 ego
1454 1052 1536 1078 non

999 1159 1158 1211 Vtinam
1199 1174 1301 1210 male
1341 1171 1407 1221 qui
1442 1171 1538 1209 mihi

1323 1238 1425 1286 '²840.
1458 1238 1532 1283 841

333 1306 423 1345 Scio
457 1305 644 1355 equidem
679 1318 798 1354 quam
834 1305 886 1342 ob
925 1317 1007 1342 rem
1042 1305 1117 1349 me,
1154 1310 1275 1352 pater,
1312 1309 1354 1340 tu
1389 1303 1538 1340 tristem

905 1445 1017 1483 aorist,
1042 1444 1121 1475 used
1143 1454 1179 1474 as
1200 1443 1284 1484 subj.
1332 1443 1384 1475 Cf.
1406 1443 1537 1484 capsim,

905 1489 1009 1527 axim,
1016 1488 1134 1529 faxim
1152 1487 1217 1517 and
1238 1487 1414 1528 occupassit
1429 1498 1459 1517 v.
1479 1487 1542 1518 818

907 1532 971 1563 and
989 1536 1067 1562 note
1085 1541 1127 1562 on
1144 1542 1174 1562 v.
1196 1530 1270 1570 467,

950 1584 994 1606 ne
1025 1577 1075 1605 sic
1104 1576 1226 1610 fueris,
1263 1574 1372 1604 ‘don't
1403 1573 1445 1605 be
1476 1573 1543 1604 like

908 1619 1003 1656 that‚’
1020 1618 1076 1649 i.e.
1094 1618 1163 1648 sad.

951 1660 1135 1693 flico=*z'n
1158 1661 1246 1699 sloco,
1269 1659 1477 1697 ‘forthwith,’
1496 1663 1545 1691 ‘at

910 1705 1015 1737 once.’

954 1753 1023 1780 840.
1106 1756 1160 1779 em
1222 1750 1377 1785 aspecta,
1435 1749 1544 1782 rideo,

916 1793 1042 1824 ‘there!
1060 1791 1139 1822 look
1154 1793 1161 1822 !
1180 1790 1241 1822 I’m
1259 1789 1443 1832 laughing.’
1490 1789 1542 1821 Cf.

913 1836 1034 1867 Bacch.
1058 1845 1114 1867 102
1121 1845 1137 1875 3
1154 1845 1200 1865 em
1223 1839 1336 1875 specta,
1363 1840 1434 1864 tum
1454 1834 1542 1872 scies,

915 1880 1031 1911 Pseud.
1055 1880 1117 1920 890
1133 1889 1179 1908 em
1187 1878 1200 1909 !
1216 1879 1286 1909 illic
1302 1878 1409 1908 habito
1425 1887 1488 1918 ego.

957 1926 1026 1954 841.
1075 1923 1213 1953 utinam
1242 1924 1334 1952 male
1365 1923 1426 1958 qui
1462 1921 1550 1951 mihi

913 1969 1040 1997 uolunt
1057 1968 1106 1996 sic
1121 1967 1272 1996 rideant.
1317 1964 1364 1996 ‘O
1379 1966 1385 1995 !
1406 1964 1477 1995 that
1494 1973 1550 2004 my

916 2010 1101 2041 ill-wishers
1129 2020 1203 2049 may
1228 2008 1328 2049 laugh
1355 2007 1422 2038 like
1452 2007 1548 2045 that,'

915 2054 969 2085 i.e.
1013 2052 1133 2084 alienis
1171 2052 1268 2083 malis
1305 2052 1445 2082 rideant.
1497 2050 1548 2082 Cf.

917 2097 992 2128 Ter.
1016 2097 1102 2127 Eun.
1120 2096 1159 2136 65
1165 2107 1181 2136 5
1203 2096 1332 2126 utinam
1348 2095 1393 2125 sic
1408 2095 1477 2125 sint
1492 2093 1554 2136 qui

918 2140 1005 2171 mihi
1020 2140 1103 2170 male
1118 2140 1247 2171 uolunt.

962 2187 1030 2214 842.
1082 2192 1137 2214 me
1175 2186 1216 2214 tu
1251 2183 1394 2212 tristem
1432 2183 1554 2212 credas

916 2229 992 2264 tibi,
1015 2227 1106 2267 ‘why
1123 2237 1187 2268 you
1213 2225 1309 2256 think
1335 2223 1397 2255 I’m
1420 2225 1555 2266 gloomy

918 2276 954 2301 to
977 2269 1068 2311 you‚'
1084 2270 1137 2301 i.e.
1167 2269 1316 2311 ‘gloomy
1332 2268 1365 2299 in
1390 2279 1444 2309 my
1460 2268 1552 2299 bear-

919 2314 975 2355 ing
992 2314 1135 2344 towards
1151 2311 1240 2354 you.'
